@misc{tsn,
    author =        "Richard Haines",
    title =         "{\it The SELinux Notebook}",
    year =          "2014",
    edition =       "4th Edition",
    url =           "http://freecomputerbooks.com/books/The_SELinux_Notebook-4th_Edition.pdf",
    note =          "[Online; cit. 2018-03-14]",
}

